
@book{lientz80,
    author = {Lientz, Bennet P. and Swanson, Burton E.},
    pages = {1--160},
    title={{Software Maintenance Management: A Study of the Maintenance of Computer Application Software in 487 Data Processing Organizations}},
    year = {1980},
    publisher = {Addison-Wesley},
}

@book{lehman:1985,
 editor = {Lehman, M. M. and Belady, L. A.},
 title = {Program evolution: processes of software change},
 year = {1985},
 publisher = {Academic Press Professional, Inc.},
} 

@article{schneidewind:1987,
 author = {Schneidewind, N. F.},
 title = {The State of Software Maintenance},
 journal = {IEEE Trans. Softw. Eng.},
 issue_date = {1987},
 volume = {13},
 number = {3},
 year = {1987},
 pages = {303--310},
} 

@article{study1,
 author = {Hatton, Les},
 title = {How Accurately Do Engineers Predict Software Maintenance Tasks?},
 journal = {Computer},
 volume = {40},
 number = {2},
 year = {2007},
 pages = {64--69},
 publisher = {IEEE Computer Society Press},
} 

@article{study2,
 author = {Helms, Glenn L. and Weiss, Ira R.},
 title = {Application software maintenance: can it be controlled?},
 journal = {SIGMIS Database},
 volume = {16},
 number = {2},
 year = {1984},
 pages = {16--18},
 publisher = {ACM},
} 

@ARTICLE{study3,
    author = {Chris F. Kemerer and Sandra and Sandra A. Slaughter},
    title = {Determinants of Software Maintenance Profiles: An Empirical Investigation},
    journal = {Journal of Software Maintenance},
    year = {1997},
    volume = {9},
    pages = {235--251}
}

@inproceedings{study4,
 author = {Sneed, Harry M.},
 title = {Modelling the maintenance process at Zurich Life Insurance},
 booktitle = {Proc. ICSM},
 year = {1996},
 pages = {217--226},
} 

@inproceedings{Mockus:2000,
 author = {Mockus, Audris and Votta, Lawrence G.},
 title = {Identifying Reasons for Software Changes Using Historic Databases},
 booktitle = {Proc. ICSM},
 year = {2000},
 pages = {120--129},
} 



@article{gordaria93,
 author = {Tarak Goradia},
 title = {Dynamic impact Analysis: A Cost-Effective Technique to Enforce Error-Propagation},
 journal = {SIGSOFT Softw. Eng. Notes},
 volume = {18},
 number = {3},
 year = {1993},
 pages = {171--181},
 }
 
 @article{RELAY93,
 author = {Debra J. Richardson and Margaret C. Thompson},
 title = {An Analysis of Test Data Selection Criteria Using the RELAY Model of Fault Detection},
 journal = {TSE},
 volume = {19},
 number = {6},
 year = {1993},
 pages = {533--553},
 publisher = {IEEE Press},
 }
 
 @misc{JUF,
  key = {JUF},
  title = "JUnit Factory Website",
  note =
{\url{http://www.JunitFactory.com/}},
  keywords = {JMF},
  year = {2006},
}

@inproceedings{agitar06,
 author = {Marat Boshernitsan and Roongko Doong and Alberto Savoia},
 title = {From daikon to agitator: lessons and challenges in building a commercial tool for developer testing},
 booktitle = {Proc. ISSTA},
 year = {2006},
 pages = {169--180},
 }
 
 @ARTICLE{xie05:checking,
    author = {Tao Xie and David Notkin},
    title = {Checking Inside the Black Box: Regression Testing By Comparing Value Spectra},
    journal = {TSE},
    year = {2005},
    volume = {31},
    number = {10},
    pages = {869--883},
}

@article{demilli,
author = {R.A. DeMilli and A.J. Offutt},
title = {Constraint-Based Automatic Test Data Generation},
journal = {TSE},
volume = {17},
number = {9},
year = {1991},
pages = {900-910},
publisher = {IEEE Computer Society},

}

@article{morell,
author = {L.J. Morell},
title = {A Theory of Fault-Based Testing},
journal = {TSE},
volume = {16},
number = {8},
year = {1990},
pages = {844-857},
publisher = {IEEE Computer Society},
}

@inproceedings{thompson,
 author = {Margaret C. Thompson and Debra J. Richardson and Lori A. Clarke},
 title = {An Information Flow Model of Fault Detection},
 booktitle = {Proc. ISSTA},
 year = {1993},
 pages = {182--192},
 }
 
@article{voas,
author = {J.M. Voas},
title = {{PIE}: A Dynamic Failure-Based Technique},
journal = {TSE},
volume = {18},
number = {8},
year = {1992},
pages = {717-727},
publisher = {IEEE Computer Society},
}

@inproceedings{term06aug,
  author =       {T. Apiwattanapong and R. Santelices and P. Kumar
Chittimalli and A. Orso and M.J. Harrold},
  title =        {{MaTRIX: Maintenance-Oriented Testing Requirements Identifier and Examiner}},
  booktitle =    {Proc. TAIC PART},
  pages =        {137--146},
  year =         {2006},
}


@article{mcminn,
 author = {P. McMinn and M. Holcombe},
 title = {Evolutionary Testing Using an Extended Chaining Approach},
 journal = {Evol. Comput.},
 volume = {14},
 number = {1},
 year = {2006},
 issn = {1063-6560},
 pages = {41--64},
 publisher = {MIT Press},
 }
 
 @article{chaining,
 author = {Roger Ferguson and Bogdan Korel},
 title = {The chaining approach for software test data generation},
 journal = {ACM Trans. Softw. Eng. Methodol.},
 volume = {5},
 number = {1},
 year = {1996},
 pages = {63--86},
 publisher = {ACM},
 }
 
 @ARTICLE{CFGDiff,
title={Identification of program modifications and its applications in software maintenance},
author={Laski, J. and Szermer, W.},
journal={Software Maintenance, 1992. Proceerdings., Conference on},
year={1992},
month={Nov},
volume={},
number={},
pages={282-290},
keywords={ program testing, software maintenance STAD 1.0, cluster nodes, flow graphs, formal method, isomorphic correspondence, program modifications identification, reasoning, reduced graphs, regression testing, revalidation, software maintenance},
doi={10.1109/ICSM.1992.242533},
ISSN={}, }

 @inproceedings{burnim,
title = {Heuristics for Scalable Dynamic Test Generation.},
author = {Jacob Burnim and Koushik Sen},
booktitle = {Proc. ASE},
pages = {443-446},
year = {2008},
} 
@INPROCEEDINGS{fitnex,
    author = {Tao Xie and Nikolai Tillmann and Peli de Halleux and Wolfram Schulte},
    title = {Fitness-Guided Path Exploration in Dynamic Symbolic Execution},
    booktitle = {Proc. DSN},
    pages = {359-368},
    year = {2009}, 
}

@article{dart,
 author = {Patrice Godefroid and Nils Klarlund and Koushik Sen},
 title = {{DART}: directed automated random testing},
 journal = {Proc. PLDI},
 year = {2005},
 pages = {213--223},
 }
 
 @inproceedings{cute,
 author = {Koushik Sen and Darko Marinov and Gul Agha},
 title = {{CUTE}: a concolic unit testing engine for {C}},
 booktitle = {Proc. FSE},
 year = {2005},
 pages = {263--272},
 }

@INPROCEEDINGS{taneja08:diffgen,
    author = {Kunal Taneja and Tao Xie},
    title = {{DiffGen}: Automated Regression Unit-Test Generation},
    booktitle = {Proc. ASE},
    year = {2008},
    pages = {407--410},
}

@inproceedings{Pex,
  author    = {Nikolai Tillmann and
               Jonathan de Halleux},
  title     = {Pex-White Box Test Generation for {.{N}{E}{T}}},
  booktitle = {Proc. TAP},
  year      = {2008},
  pages     = {134-153},
}

 
 
 @inproceedings{exe,
 author = {Cristian Cadar and Vijay Ganesh and Peter M. Pawlowski and David L. Dill and Dawson R. Engler},
 title = {{EXE}: automatically generating inputs of death},
 booktitle = {Proc. CCS},
 year = {2006},
 pages = {322--335},
 }
 
 @inproceedings{evans:DiffTest07,
 author = {Robert B. Evans and Alberto Savoia},
 title = {Differential testing: a new approach to change detection},
 booktitle = {Proc. FSE},
 year = {2007},
 pages = {549--552},
 }

 @inproceedings{santelices,
     author = {Raul Andres Santelices 
                and PavanKumar Chittimalli 
                and Taweesup Apiwattanapong 
                and Alessandro Orso 
                and Mary Jean Harrold},
      title = {Test-suite Augmentation for Evolving Software},
  booktitle = {Proc. ASE},
      pages = {218--227},
       year = {2008},
      notes = {}
}

@INPROCEEDINGS{selection,
    author = {Yih-farn Chen and David S. Rosenblum and Kiem-phong Vo},
    title = {Testtube: A system for selective regression testing},
    booktitle = {Proc. ICSE},
    year = {1994},
    pages = {211--222}
}

@article{prioritization,
 author = {Amitabh Srivastava and Jay Thiagarajan},
 title = {Effectively prioritizing tests in development environment},
 journal = {SIGSOFT Softw. Eng. Notes},
 year = {2002},
 pages = {97--106},
 publisher = {ACM},
 }
 
 @inproceedings{minimization,
 author = {W. Eric Wong and Joseph R. Horgan and Saul London and Aditya P. Mathur},
 title = {Effect of test set minimization on fault detection effectiveness},
 booktitle = {Proc. ICSE},
 year = {1995},
 pages = {41--50},
 }

@INPROCEEDINGS{xie05:spectra,
    author = {Tao Xie and David Notkin},
    title = {Checking Inside the Black Box: Regression Testing based on Value Spectra Differences},
    booktitle = {Proc. ICSM},
    year = {2004},
    pages = {28-37},
}


@ARTICLE{doESE05,
    author    = {Hyunsook Do and
                Sebastian G. Elbaum and
                Gregg Rothermel},
    title     = {Supporting Controlled Experimentation with Testing Techniques:
                An Infrastructure and its Potential Impact.},
    journal   = {ESE},
		volume = {10(4)},
		issue = {4},
    pages     = {405--435},
    year      = {2005},
    }
    
    @inproceedings{DSE,
 author = {Suzette Person and Matthew B. Dwyer and Sebastian Elbaum and Corina S. P\v{a}s\v{a}reanu},
 title = {Differential symbolic execution},
 booktitle = {Proc. FSE},
 year = {2008},
 pages = {226--237},
 }

@inproceedings{CSE,
 author = {Godefroid,, Patrice},
 title = {Compositional dynamic test generation},
 booktitle = { Proc. POPL},
 year = {2007},
 pages = {47--54},
 }
 
 @inproceedings{demandDriven,
  author = {Anand, Saswat   and Godefroid, Patrice   and Tillmann, Nikolai  },
	title = {Demand-Driven Compositional Symbolic Execution},
	booktitle = {Proc. TACAS},
	year = {2008},
	pages = {367--381},
}

@INPROCEEDINGS{tillmann05:parameterized,
  author = {Nikolai Tillmann and Wolfram Schulte},
  title = {Parameterized Unit Tests},
  booktitle = {Proc. ESEC/FSE},
  year = {2005},
  pages = {253--262},
}

@inproceedings{Dig'06:ECOOP,
  author = {Danny Dig and Can Comertoglu and Darko Marinov and Ralph Johnson},
  title = {Automatic Detection of Refactorings in Evolving Components},
  booktitle = {Proc. ECOOP},
  year = {2006},
  pages = {404-428},
}

 @INPROCEEDINGS{xie06:ecoop,
    author = {Tao Xie},
    title = {Augmenting Automatically Generated Unit-Test Suites with Regression Oracle Checking},
    booktitle = {Proc. ECOOP},
    year = {2006},
    pages = {380--403},
    
}

@inproceedings{ Apiwattanapong2006AUG,
     author = {Taweesup Apiwattanapong 
                and Raul Santelices 
                and Pavan Kumar Chittimalli 
                and Alessandro Orso 
                and Mary Jean Harrold},
      title = {MaTRIX:  Maintenance-oriented Testing Requirement Identifier and Examiner},
  booktitle = {Proc. TAICPART },
      pages = {137--146},  
       year = {2006},
}

 @inproceedings{ santelices08sep,
     author = {Raul Andres Santelices 
                and PavanKumar Chittimalli 
                and Taweesup Apiwattanapong 
                and Alessandro Orso 
                and Mary Jean Harrold},
      title = {Test-suite Augmentation for Evolving Software},
  booktitle = {Proc. ASE},
      pages = {218--227},
       year = {2008},
}

@inproceedings{jjli:prioritization,
 author = {Li,, J. Jenny},
 title = {Prioritize Code for Testing to Improve Code Coverage of Complex Software},
 booktitle = {Proc. ISSRE},
 year = {2005},
 pages = {75--84},
 }
 
 @inproceedings{howritz:prioritization,
 author = {Horwitz,, Susan},
 title = {Tool Support for Improving Test Coverage},
 booktitle = {Proc. ESOP},
 year = {2002},
 pages = {162--177},
 }

@inproceedings{chianti,
 author = {Ren,, Xiaoxia and Ryder,, Barbara G. and Stoerzer,, Maximilian and Tip,, Frank},
 title = {Chianti: A Change Impact Analysis Tool for Java Programs},
 booktitle = {Proc. ICSE},
 year = {2005},
 pages = {664--665},
 }
 
 @article{elbaum,
 author = {Elbaum,, Sebastian and Chin,, Hui Nee and Dwyer,, Matthew B. and Jorde,, Matthew},
 title = {Carving and Replaying Differential Unit Test Cases from System Test Cases},
 journal = {TSE},
 volume = {35},
 number = {1},
 year = {2009},
 pages = {29--45},
 publisher = {IEEE Press},
 }
 
 @INPROCEEDINGS{taneja09:guided,
    author = {Kunal Taneja and Tao Xie and Nikolai Tillmann and Jonathan de Halleux and Wolfram Schulte},
    title = {Guided Path Exploration for Regression Test Generation},
    booktitle = {Proc. ICSE, NIER},
     pages = {311-314},
    year = {2009}, 
}

@inproceedings{tillmann08pex,
	author = {Tillmann, Nikolai   and de Halleux, Jonathan  },
	booktitle = {Proc. TAP},
	pages = {134--153},
	title = {PexWhite Box Test Generation for .NET},
	year = {2008}
}

@article{Clarke:symbolic,
 author = {Lori Clarke},
 title = "{A system to generate test data and symbolically execute programs}",
 journal = {TSE},
 volume = {2},
 number = {3},
 year = {1976},
 pages = {215--222},
 }

@article{king:symex,
 author = {James C. King},
 title = "{Symbolic execution and program testing}",
 journal = {Communications of the ACM},
 volume = {19},
 number = {7},
 year = {1976},
 pages = {385--394},
 }

@inproceedings{orso:selective,
 author = {Orso,, Alessandro and Kennedy,, Bryan},
 title = {Selective capture and replay of program executions},
 booktitle = {Proc.WODA},
 year = {2005},
 pages = {1--7},
 }
 
 @inproceedings{SaffAPE2005,
   author = {David Saff and Shay Artzi and Jeff H. Perkins and Michael D.
	Ernst},
   title = {Automatic test factoring for {Java}},
   booktitle = {Proc. ASE},
   pages = {114--123},
   year = {2005}
}

@inproceedings{joshi:pretext,
 author = {Joshi, Pallavi and Sen, Koushik and Shlimovich, Mark},
 title = {Predictive Testing: Amplifying the Effectiveness of Software Testing},
 booktitle = {Proc. ESEC-FSE },
 year = {2007},
 pages = {561--564},
 }
 
 @inproceedings{majumdar:hybrid,
 author = {Majumdar, Rupak and Sen, Koushik},
 title = {Hybrid Concolic Testing},
 booktitle = {Proc. ICSE},
 year = {2007},
 pages = {416--426},
 }

@inproceedings{godefroid:fuzz,
  author = {Patrice Godefroid and Michael Y. Levin and David A. Molnar},
  title = { Automated Whitebox Fuzz Testing},
  booktitle = {Proc. NDSS},
  pages = {151-166},
  year = {2008},
}

@inproceedings{Law-icse03,
 author = {Law, James and Rothermel, Gregg},
 title = {Whole Program Path-Based Dynamic Impact Analysis},
 booktitle = {Proc. ICSE},
 year = {2003},
 pages = {308--318},
 }
 
 @article{rothermel97,
 author = {Rothermel, Gregg and Harrold, Mary Jean},
 title = {A Safe, Efficient Regression Test Selection Technique},
 journal = {ACM Trans. Softw. Eng. Methodol.},
 volume = {6},
 number = {2},
 year = {1997},
 pages = {173--210},
 }


@inproceedings{xu-directed,
  author    = {Zhihong Xu and
               Gregg Rothermel},
  title     = {Directed Test Suite Augmentation},
  booktitle = {APSEC},
  year      = {2009},
  pages     = {406-413},
}

@inproceedings{xin-pldi08,
 author = {Xin, Bin and Sumner, William N. and Zhang, Xiangyu},
 title = {Efficient Program Execution Indexing},
 booktitle = {Proc. PLDI},
 year = {2008},
 pages = {238--248},
 }
 
 @INPROCEEDINGS{xie04:rostra,
    author = {Tao Xie and Darko Marinov and David Notkin},
    title = {Rostra: A Framework for Detecting Redundant Object-Oriented Unit Tests},
    booktitle = {Proc. ASE},
    year = {2004},
    pages = {196--205},
}

@inproceedings{boyapata02-korat,
 author = {Boyapati, Chandrasekhar and Khurshid, Sarfraz and Marinov, Darko},
 title = {Korat: Automated Testing based on Java Predicates},
 booktitle = {Proc. ISSTA},
 year = {2002},
 pages = {123--133},
 }


@INPROCEEDINGS{jin10:automated,
    author = {Wei Jin and Alex Orso and Tao Xie.},
    title = {Automated Behavioral Regression Testing},
    booktitle = {Proc. ICST},
    year = {2010},
    pages = {137--146},
}

@inproceedings{qi-ase10,
 author = {Qi, Dawei and Roychoudhury, Abhik and Liang, Zhenkai},
 title = {Test Generation to Expose Changes in Evolving Programs},
 booktitle = {Proc. ASE},
 year = {2010},
 pages = {397--406},
 }
 
 @inproceedings{JPF-symbolic,
 author = {Visser, Willem and P\v{a}s\v{a}reanu, Corina S. and Khurshid, Sarfraz},
 title = {Test input generation with {J}ava {P}athfinder},
 booktitle = {Proc. ISSTA},
 pages = {97--107},
 year = {2004},
}

@inproceedings{eTOC,
 author = {Tonella, Paolo},
 title = {Evolutionary testing of classes},
 booktitle = {Proc. ISSTA},
 year = {2004},
 pages = {119--128},
}  

@INPROCEEDINGS{inkumsah08:improving,
    author = {Kobi Inkumsah and Tao Xie},
    title = {Improving Structural Testing of Object-Oriented Programs via Integrating Evolutionary Testing and Symbolic Execution},
    booktitle = {Proc. ASE},
    year = {2008}, 
    pages = {297--306},
}

@article{csallner04jcrasher,
   author = {Christoph Csallner and Yannis Smaragdakis},
   title = {{JCrasher}: An Automatic Robustness Tester for {Java}},
   journal = {Software---Practice \& Experience},
   volume = {34},
   number = {11},
   pages = {1025--1050},
   year = {2004}
}


@inproceedings{PachecoLET2007,
   author = {Carlos Pacheco and Shuvendu K. Lahiri and Michael D. Ernst
	and Thomas Ball},
   title = {Feedback-Directed Random Test Generation},
   booktitle = {Proc. ICSE},
   year = {2007}
}

@inproceedings{continuous,
   author = {David Saff and Michael D. Ernst},
   title = {Reducing Wasted Development Time via Continuous Testing},
   booktitle = {Proc. ISSRE},
   pages = {281--292},
   year = {2003}
}


@inproceedings{Xu-fse2010,
 author = {Xu, Zhihong and Kim, Yunho and Kim, Moonzoo and Rothermel, Gregg and Cohen, Myra B.},
 title = {Directed Test Suite Augmentation: Techniques and Tradeoffs},
 booktitle = {Proc. FSE},
 year = {2010},
 pages = {257--266},
} 

@inproceedings{Xu-gecco2010,
  author    = {Zhihong Xu and
               Myra B. Cohen and
               Gregg Rothermel},
  title     = {Factors Affecting the use of Genetic Algorithms in Test
               Suite Augmentation},
  booktitle = {Proc. GECCO},
  year      = {2010},
  pages     = {1365-1372},
}

@inproceedings{incremental:icsm01,
 author    = {Amie L. Souter and
               Lori L. Pollock},
 title = {Incremental Call Graph Reanalysis for Object-Oriented Software Maintenance},
 booktitle = {Proc. ICSM},
 year = {2001},
 pages = {682--691},
} 

@Book{Vardi:06,
  author =       "W. Aspray and F. Mayades and M. Vardi",
  title =        "Globalization and Offshoring of Software",
  publisher =    "ACM",
  year =         "2006",
  topic =        "testing",
}


@article{Datamonitor:07,
  author = {Datamonitor},
  title = {Application Testing Services: global market forecast model},
  journal={Datamonitor Research Store},
  vol={IMTC0147},
 month = aug,
 day = 15,
 year = {2007}
}

@article{LAWS:09,
    author={Information Shield},
  title = {International Data Privacy Laws},
  journal = {http://www.informationshield.com/intprivacylaws.html},
   year = {2010}
  }


@article{Gartner:09,
  author = {Thomas E. Murphy},
  title = {Managing Test Data for Maximum Productivity},
  publisher =    "Gartner",
 month = dec,
 year = {2008},
  journal = {http://www.gartner.com/DisplayDocument ?doc\_cd=163662\&ref=g\_economy\_2reduce}
}

@article{OutsourcingRegression:11,
  author = {Sanju Pillai},
  title = {Outsourcing Regression Testing to Experts – A way to improve your software’s quality},
  publisher =    "EuroStar Software Testing Conference",
 month = aug,
 year = {2011},
  journal = {http://tinyurl.com/regressionoutsource}
}

@article{CLARKE:76,
 author = {Clarke, L. A.},
 title = {A System to Generate Test Data and Symbolically Execute Programs},
 journal = {IEEE Trans. Softw. Eng.},
 volume = {2},
 number = {3},
 year = {1976},
 issn = {0098-5589},
 pages = {215--222},
 doi = {http://dx.doi.org/10.1109/TSE.1976.233817},
 publisher = {IEEE Press},
 address = {Piscataway, NJ, USA},
 }

@article{DEMILLO:91,
 author = {DeMillo, Richard A. and Offutt, A. Jefferson},
 title = {Constraint-Based Automatic Test Data Generation},
 journal = {IEEE Trans. Softw. Eng.},
 volume = {17},
 number = {9},
 year = {1991},
 issn = {0098-5589},
 pages = {900--910},
 doi = {http://dx.doi.org/10.1109/32.92910},
 publisher = {IEEE Press},
 address = {Piscataway, NJ, USA},
 }

@inproceedings{GODEFROID:07,
 author = {Godefroid, Patrice},
 title = {Compositional dynamic test generation},
 booktitle = {POPL},
 year = {2007},
 isbn = {1-59593-575-4},
 pages = {47--54},
 doi = {http://doi.acm.org/10.1145/1190216.1190226},
 }

@inproceedings{SEN:07,
 author = {Majumdar, Rupak and Sen, Koushik},
 title = {Hybrid Concolic Testing},
 booktitle = {ICSE},
 year = {2007},
 isbn = {0-7695-2828-7},
 pages = {416--426},
 }


@article{KAN:01,
  author    = {Pierangela Samarati},
  title     = {Protecting Respondents' Identities in Microdata Release},
  journal   = {IEEE Trans. Knowl. Data Eng.},
  volume    = {13},
  number    = {6},
  year      = {2001},
  pages     = {1010-1027},
  ee        = {http://www.computer.org/tkde/tk2001/k1010abs.htm},
  bibsource = {DBLP, http://dblp.uni-trier.de}
}

@article{Sweeney:02,
  author    = {Latanya Sweeney},
  title     = {k-Anonymity: A Model for Protecting Privacy},
  journal   = {International Journal of Uncertainty, Fuzziness and Knowledge-Based
               Systems},
  volume    = {10},
  number    = {5},
  year      = {2002},
  pages     = {557-570},
  ee        = {http://dx.doi.org/10.1142/S0218488502001648},
  bibsource = {DBLP, http://dblp.uni-trier.de}
}

@inproceedings{FSE11:03,
 author = {Kapfhammer, Gregory M. and Soffa, Mary Lou},
 title = {A family of test adequacy criteria for database-driven applications},
 booktitle = {ESEC/FSE},
 year = {2003},
 isbn = {1-58113-743-5},
 pages = {98--107},

 }

@inproceedings{ATTRSEL:08,
 author = {Nin, Jordi and Herranz, Javier and Torra, Vicen\c{c}},
 title = {Attribute selection in multivariate microaggregation},
 booktitle = {Proc. PAIS},
 year = {2008},
 isbn = {978-1-59593-965-4},
 pages = {51--60},
 location = {Nantes, France},
 doi = {http://doi.acm.org/10.1145/1379287.1379299},
 publisher = {ACM},

 }

@inproceedings{ATTRSEL:06,
 author = {LeFevre, Kristen and DeWitt, David J. and Ramakrishnan, Raghu},
 title = {Mondrian Multidimensional K-Anonymity},
 booktitle = {Proc. 22nd ICDE},
 year = {2006},
 isbn = {0-7695-2570-9},
 pages = {25},
 doi = {http://dx.doi.org/10.1109/ICDE.2006.101},
 publisher = {IEEE},
 }

@inproceedings{TUTOR:09,
 author = {Cormode, Graham and Srivastava, Divesh},
 title = {Anonymized data: generation, models, usage},
 booktitle = {SIGMOD},
 year = {2009},
 pages = {1015--1018},
 }

@article{UNDEC:92,
 author = {Landi, William},
 title = {Undecidability of static analysis},
 journal = {ACM Lett. Program. Lang. Syst.},
 volume = {1},
 number = {4},
 year = {1992},
 issn = {1057-4514},
 pages = {323--337},
 doi = {http://doi.acm.org/10.1145/161494.161501},
 publisher = {ACM},

 }

@book{SURVEY:08,
 author = {Aggarwal, Charu C. and Yu, Philip S.},
 title = {Privacy-Preserving Data Mining: Models and Algorithms},
 year = {2008},
 isbn = {0387709916, 9780387709918},
 publisher = {Springer},
 }

@inproceedings{Castro:08,
  author    = {Miguel Castro and
               Manuel Costa and
               Jean-Philippe Martin},
  title     = {Better bug reporting with better privacy},
  booktitle = {ASPLOS},
  year      = {2008},
  pages     = {319-328},
}

@inproceedings{CUTE:05,
 author = {Sen, Koushik and Marinov, Darko and Agha, Gul},
 title = {CUTE: a concolic unit testing engine for C},
 booktitle = {Proc. 13th ACM SIGSOFT FSE},
 year = {2005},
 isbn = {1-59593-014-0},
 pages = {263--272},
 location = {Lisbon, Portugal},
 doi = {http://doi.acm.org/10.1145/1081706.1081750},
 publisher = {ACM},

 }

 @inproceedings{HYBRID:07,
  author    = {Rupak Majumdar and
               Koushik Sen},
  title     = {Hybrid Concolic Testing},
  booktitle = {ICSE},
  year      = {2007},
  pages     = {416-426},
  ee        = {http://doi.ieeecomputersociety.org/10.1109/ICSE.2007.41},
  crossref  = {DBLP:conf/icse/2007},
  bibsource = {DBLP, http://dblp.uni-trier.de}
}

@inproceedings{ISSTA:09,
 author = {Namin, Akbar Siami and Andrews, James H.},
 title = {The influence of size and coverage on test suite effectiveness},
 booktitle = {Proc. 18th ISSTA},
 year = {2009},
 isbn = {978-1-60558-338-9},
 pages = {57--68},
 location = {Chicago, IL, USA},
 doi = {http://doi.acm.org/10.1145/1572272.1572280},
 publisher = {ACM},

 }

@inproceedings{Castro08Better,
  author = "Miguel Castro and Manuel Costa and Jean-Philippe Martin",
  title = {Better bug reporting with better privacy},
  booktitle = {ASPLOS},
  year = {2008},
  pages = {319--328},
  ISBN = {978-1-59593-958-6},
  url = {http://research.microsoft.com/~jpmartin/papers/Castro08Better.pdf}
}

@inproceedings{bruneton02asm,
  author = {{\'E}ric Bruneton and Romain Lenglet and Thierry Coupaye},
  title = {{ASM}: a code manipulation tool to implement adaptable
    systems},
  booktitle = {Proc. ACM SIGOPS France},
  year = 2002,
  month = nov,
}

@inproceedings{cadar06exe,
  author = {Cristian Cadar and Vijay Ganesh and Peter M. Pawlowski and
        David L. Dill and Dawson R. Engler},
  title = {EXE: Automatically generating inputs of death},
  booktitle = {Proc. 13th ACM CCS},
  year = 2006,
  month = oct,
  pages = {322--335},
  publisher = {ACM},
 }

@inproceedings{cadar08klee,
  author = {Cristian Cadar and Daniel Dunbar and Dawson R. Engler},
  title = {KLEE: Unassisted and Automatic Generation of High-Coverage
               Tests for Complex Systems Programs},
  booktitle = {Proc. 8th USENIX OSDI},
  year = 2008,
    month = dec,
  pages = {209--224},
    publisher = {USENIX},
}

@inproceedings{cohen98automatic,
  author = {Geoff A. Cohen and Jeffrey S. Chase and David L. Kaminsky},
  title = {Automatic Program Transformation with {Joie}},
  booktitle = {Proc. USENIX Annual Technical Symposium},
  year = 1998,
  month = jun,
  pages = {167--178},
  publisher = {USENIX},
}
http://www.cs.duke.edu/ari/joie/joie.pdf
http://www.cs.duke.edu/~chase/pubs.html

@inproceedings{csallner08dysy,
   author = {Christoph Csallner and Nikolai Tillmann and Yannis Smaragdakis},
   booktitle = {Proc. 30th ACM/IEEE ICSE},
   title = {{DySy}: Dynamic symbolic execution for invariant inference},
   year = 2008,
   month = may,
   pages = {281--290},
   publisher = {ACM},
}

@inproceedings{FUZZ:08,
  author    = {Patrice Godefroid and
               Michael Y. Levin and
               David A. Molnar},
  title     = {Automated Whitebox Fuzz Testing},
  booktitle = {NDSS},
  year      = {2008},
  bibsource = {DBLP, http://dblp.uni-trier.de}
}
@inproceedings{godefroid05dart,
  author = {Patrice Godefroid and Nils Klarlund and Koushik Sen},
  title = {Dart: Directed automated random testing},
  booktitle = {Proc. ACM SIGPLAN PLDI},
  year = 2005,
  month = jun,
  pages = {213--223},
  publisher = {ACM},
}

@inproceedings{TCGEN:07,
  author    = {Michael Emmi and
               Rupak Majumdar and
               Koushik Sen},
  title     = {Dynamic test input generation for database applications},
  booktitle = {ISSTA},
  year      = {2007},
  pages     = {151-162},
}

@inproceedings{sen06cute,
  author = {Koushik Sen and Gul Agha},
  title = {Cute and {jCute}: Concolic Unit Testing and Explicit Path
        Model-Checking Tools},
  booktitle = {Proc. CAV},
  year = 2006,
    month = aug,
  pages = {419--423},
    publisher = {Springer},
}


@inproceedings{tillmann08pex,
   author = {Nikolai Tillmann and Jonathan de Halleux},
   booktitle = {TAP},
   title = {Pex - White Box Test Generation for {.Net}},
   year = 2008,
   month = apr,
   pages = {134--153},
   publisher = {Springer},
}

@inproceedings{DYTAN:07,
 author = {Clause, James and Li, Wanchun and Orso, Alessandro},
 title = {Dytan: a generic dynamic taint analysis framework},
 booktitle = {ISSTA '07},
 year = {2007},
 isbn = {978-1-59593-734-6},
 pages = {196--206},
 location = {London, United Kingdom},
 doi = {http://doi.acm.org/10.1145/1273463.1273490},
 publisher = {ACM},
 address = {New York, NY, USA},
 }

@InProceedings{or1,
  author =       "Laura K. Dillon and Qing Yu",
  title =        "Oracles for Checking Temporal Properties of Concurrent
                 Systems",
  booktitle =    "ACM SIGSOFT '94",
  pages =        "140--153",
  month =        dec,
  year =         "1994",
}

@InProceedings{or2,
 author = {Dennis Peters and David L. Parnas},
 title = {Generating a test oracle from program documentation: work in progress},
 booktitle = {ISSTA '94},
 year = {1994},
 isbn = {0-89791-683-2},
 pages = {58--65},
 location = {Seattle, Washington, United States},
 doi = {http://doi.acm.org/10.1145/186258.186508},
 publisher = {ACM Press},
 address = {New York, NY, USA},
}

@InProceedings{or3,
 author = {Debra J. Richardson},
 title = {TAOS: Testing with Analysis and Oracle Support},
 booktitle = {ISSTA '94},
 year = {1994},
 isbn = {0-89791-683-2},
 pages = {138--153},
 location = {Seattle, Washington, United States},
 doi = {http://doi.acm.org/10.1145/186258.187158},
 publisher = {ACM Press},
 address = {New York, NY, USA},
}

@InProceedings{or4,
  author =       "D. J. Richardson and S. Leif-Aha and T. O. O'Malley",
  title =        "{Specification-based Test Oracles for Reactive
                 Systems}",
  booktitle =    "14th ICSE",
  pages =        "105--118",
  month =        may,
  year =         "1992",
}

@book{LESSONS:01,
 author = {Kaner, Cem and Bach, James and Pettichord, Bret},
 title = {Lessons Learned in Software Testing},
 year = {2001},
 isbn = {0471081124},
 publisher = {John Wiley \& Sons, Inc.},
 address = {New York, NY, USA},
 }

@inproceedings{TADA:10,
  author    = {Mark Grechanik and
               Christoph Csallner and
               Chen Fu and
               Qing Xie},
  title     = {Is Data Privacy Always Good for Software Testing?},
  booktitle = {ISSRE},
  year      = {2010},
  pages     = {368-377},
  bibsource = {DBLP, http://dblp.uni-trier.de}
}

@inproceedings{TREASURE:10,
  author    = {Mark Grechanik and Collin McMillan and Luca DeFerrari and Marco Comi and Stefano Crespi and Denys Poshyvanyk and Chen Fu and Qing Xie and Carlo Ghezzi},
  title     = {An Empirical Investigation into a Large-Scale {J}ava Open Source Code Repository},
  booktitle = {ESEM},
  year      = {2010},
	pages = {11:1--11:10},
}

@article{ORM:98,
 author = {Ambler, Scott},
 title = {Robust persistence layers},
 journal = {Softw. Dev.},
 volume = {6},
 number = {2},
 year = {1998},
 issn = {1070-8588},
 pages = {73--75},
 publisher = {Miller Freeman, Inc.},
 address = {San Francisco, CA, USA},
 }

@inproceedings{UTIL:05,
 author = {Aggarwal, Charu C.},
 title = {On k-anonymity and the curse of dimensionality},
 booktitle = {VLDB},
 year = {2005},
 isbn = {1-59593-154-6},
 pages = {901--909},
 }


@inproceedings{UTIL:09a,
 author = {Domingo-Ferrer, Josep and Rebollo-Monedero, David},
 title = {Measuring risk and utility of anonymized data using information theory},
 booktitle = {EDBT/ICDT},
 year = {2009},
 isbn = {978-1-60558-650-2},
 pages = {126--130},
 doi = {http://doi.acm.org/10.1145/1698790.1698811},
 }

@inproceedings{UTIL:09,
 author = {Li, Tiancheng and Li, Ninghui},
 title = {On the tradeoff between privacy and utility in data publishing},
 booktitle = {KDD},
 year = {2009},
 isbn = {978-1-60558-495-9},
 pages = {517--526},
 doi = {http://doi.acm.org/10.1145/1557019.1557079},
 }

@inproceedings{UTIL:08,
 author = {Brickell, Justin and Shmatikov, Vitaly},
 title = {The cost of privacy: destruction of data-mining utility in anonymized data publishing},
 booktitle = {KDD},
 year = {2008},
 isbn = {978-1-60558-193-4},
 pages = {70--78},
 doi = {http://doi.acm.org/10.1145/1401890.1401904},
 }

@inproceedings{UTIL:03,
 author = {Dinur, Irit and Nissim, Kobbi},
 title = {Revealing information while preserving privacy},
 booktitle = {PODS},
 year = {2003},
 isbn = {1-58113-670-6},
 pages = {202--210},
 doi = {http://doi.acm.org/10.1145/773153.773173},
 }

@techreport{NBERw15703,
 title = "Inaccurate age and sex data in the Census PUMS files:
Evidence and Implications",
 author = "J. Trent Alexander and Michael Davern and Betsey Stevenson",
 institution = "National Bureau of Economic Research",
 type = "Working Paper",
 series = "Working Paper Series",
 number = "15703",
 year = "2010",
 month = "January",
 URL = "http://www.nber.org/papers/w15703",
 }
}

@article{WSJ:10,
  author = {Carl Bialik},
  title = {Census Bureau Obscured Personal Data -- Too Well, Some Say},
  journal = {The Wall Street Journal},
 month = feb,
 day = 6,
 year = {2010}
}

@article{Arikan96,
  author    = {Erdal Arikan},
  title     = {An inequality on guessing and its application to sequential
               decoding},
  journal   = {IEEE Transactions on Information Theory},
  volume    = {42},
  number    = {1},
  year      = {1996},
  pages     = {99-105},
  bibsource = {DBLP, http://dblp.uni-trier.de}
}

@inproceedings{Aggarwal07,
  author    = {Charu C. Aggarwal},
  title     = {On Randomization, Public Information and the Curse of Dimensionality},
  booktitle = {ICDE},
  year      = {2007},
  pages     = {136-145},
  ee        = {http://dx.doi.org/10.1109/ICDE.2007.367859},
  bibsource = {DBLP, http://dblp.uni-trier.de}
}

@book{Jones:09,
 author = {Jones, Capers},
 title = {Software Engineering Best Practices},
 year = {2010},
 isbn = {007162161X, 9780071621618},
 edition = {1},
 publisher = {McGraw-Hill, Inc.},
 address = {New York, NY, USA},
}

@article{Reiss:84,
 author = {Reiss, Steven P.},
 title = {Practical data-swapping:  the first steps},
 journal = {ACM Trans. Database Syst.},
 volume = {9},
 issue = {1},
 month = {March},
 year = {1984},
 issn = {0362-5915},
 pages = {20--37},
 numpages = {18},
 url = {http://doi.acm.org/10.1145/348.349},
 doi = {http://doi.acm.org/10.1145/348.349},
 acmid = {349},
 publisher = {ACM},
 address = {New York, NY, USA},
}

@inproceedings{Reiss:82,
 author = {Reiss, Steven P. and Post, Mark J. and Dalenius, Tore},
 title = {Non-reversible privacy transformations},
 booktitle = {PODS},
 year = {1982},
 isbn = {0-89791-070-2},
 pages = {139--146},
 numpages = {8},
 acmid = {588134},
}

@book{PRIVBOOK:10,
        AUTHOR = "B. C. M. Fung and K. Wang and A. W.-C. Fu and P. S. Yu",
        TITLE = "Introduction to Privacy-Preserving Data Publishing: Concepts and Techniques",
        PUBLISHER = "Chapman \& Hall/CRC",
        YEAR = "2010",
        series = "Data Mining and Knowledge Discovery",
        month = "August",
        isbn = "9781420091489",
}

@article{CONDENSE:08,
 author = {Aggarwal, Charu C. and Yu, Philip S.},
 title = {On static and dynamic methods for condensation-based privacy-preserving data mining},
 journal = {ACM Trans. Database Syst.},
 volume = {33},
 issue = {1},
 month = {March},
 year = {2008},
 issn = {0362-5915},
 pages = {2:1--2:39},
 articleno = {2},
 numpages = {39},
 url = {http://doi.acm.org/10.1145/1331904.1331906},
 doi = {http://doi.acm.org/10.1145/1331904.1331906},
 acmid = {1331906},
 publisher = {ACM},
 address = {New York, NY, USA},
 keywords = {k-anonymity, Privacy, databases data mining},
}

@book{SEBOOK:03,
  author = {A. Endres and Dieter Rombach},
  publisher = {Pearson Addison-Wesley},
  title = {A Handbook of Software and Systems Engineering},
  year = 2003,
  keywords = {system:unfiled},
  added-at = {2007-09-26T10:37:27.000+0200},
  description = {The entire bibliography of the book "Software Evolution" co-edited by Tom Mens and Serge Demeyer, published by Springer in 2008},
  biburl = {http://www.bibsonomy.org/bibtex/214e7057a0fd21fd098e8cf2e38ce2d63/evol}
}

@MANUAL{BILL:10,
   author = "Bennie G. Thompson",
   title = "H.R.6423: Homeland Security Cyber and Physical Infrastructure Protection Act of 2010",
   organization = "U.S.House",
   address = "111th Congress",
   month = nov,
   year = 2010,
}

@inproceedings{GA:08,
  author    = {Yaron Rachlin and
               Katharina Probst and
               Rayid Ghani},
  title     = {Maximizing Privacy under Data Distortion Constraints in
               Noise Perturbation Methods},
  booktitle = {PinKDD},
  year      = {2008},
  pages     = {92-110},
  ee        = {http://dx.doi.org/10.1007/978-3-642-01718-6_7}
}

@INPROCEEDINGS{taneja10:moda,
    author = {Kunal Taneja and Yi Zhang and Tao Xie},
    title = {{MODA}: Automated Test Generation for Database Applications via Mock Objects},
    booktitle = {ASE},
    year = {2010},
    pages = {289--292},
}

@inproceedings{clause:taintprop,
 author = {Clause, James and Orso, Alessandro},
 title = {Penumbra: Automatically Identifying Failure-Relevant Inputs Using Dynamic Tainting},
 booktitle = {ISSTA},
 year = {2009},
 pages = {249--260},
}

@inproceedings{PLDI:11,
  author    = {Aditya Budi and
               David Lo and
               Lingxiao Jiang and
               Lucia},
  title     = {{\it b}-anonymity: a model for anonymized behaviour-preserving
               test and debugging data},
  booktitle = {PLDI},
  year      = {2011},
  pages     = {447-457},
  ee        = {http://doi.acm.org/10.1145/1993498.1993551}
}

@inproceedings{ICSE:11,
  author    = {James A. Clause and
               Alessandro Orso},
  title     = {Camouflage: automated anonymization of field data},
  booktitle = {ICSE},
  year      = {2011},
  pages     = {21-30},
  ee        = {http://doi.acm.org/10.1145/1985793.1985797}
}


@article{Yoo:2010fk,
	Author = {Shin Yoo and Mark Harman},
	Journal = {STVR},
	Title = {Regression Testing Minimisation, Selection and Prioritisation: A Survey},
	Volume = {\emph{to appear}},
	Year = {2011}
}

@article{Dig:2006,
 author = {Dig, Danny and Johnson, Ralph},
 title = {How do APIs evolve? A story of refactoring: Research Articles},
 journal = {J. Softw. Maint. Evol.},
 volume = {18},
 number = {2},
 month = mar,
 year = {2006},
 pages = {83--107},
} 

@INPROCEEDINGS{Henkel05,
    author = {Johannes Henkel},
    title = {CatchUp!: Capturing and Replaying Refactorings to Support API Evolution},
    booktitle = {Proc. ICSE},
    year = {2005},
    pages = {274--283}
}



%%
%%\end{thebibliography}


